890 1338
123 379 126 381 ’
140 373 242 404 Quicunque
253 383 270 399 in
282 383 393 404 cognoscendis
406 383 526 404 antiquitatibus
534 382 610 399 Romanis
623 383 725 400 elaborarunt

110 417 185 433 magnum
197 417 231 429 esse
243 414 340 428 momentum
352 412 368 428 iu
381 412 463 429 annalibus
475 412 596 433 magistratuum
611 417 630 429 ex
642 413 724 429 auctorum

109 441 251 463 antiquitatumque
263 441 312 457 van'is
324 441 430 458 monumentis
437 441 519 458 'restitutis
528 441 598 463 positum
606 441 723 460 intellexerunt

109 470 149 487 Eum
158 470 228 487 laborem
237 471 307 492 suscepit
314 470 375 492 primus
383 470 472 492 Stephanus
477 470 559 487 Vinaudus
565 470 636 492 Pighius,
644 471 688 487 cuius
696 475 724 487 au-

108 499 152 516 nales
163 501 199 521 post
210 500 278 516 auctoris
290 501 357 516 mortem
371 504 420 521 opera
431 501 447 516 et
458 500 510 516 studio
524 499 598 516 Andreae
612 500 673 524 Schotti
684 500 725 516 Ant-

110 534 168 550 verpae
177 529 218 545 1615
225 529 263 545 editi
270 534 305 545 cum
311 529 413 549 sagacitatem
418 528 543 550 industriamque
549 529 688 550 incomparabilem
694 528 724 545 viri

110 557 196 574 doctissimi
208 559 242 574 tum
253 558 334 574 audaciam
348 559 394 579 atque
406 558 517 578 temeritatem,
531 563 563 579 qua
576 563 639 574 summa
650 558 666 574 in
681 558 724 579 dige-

110 587 161 603 rendis
173 587 293 609 magistratibus
305 592 343 604 usus
357 587 383 608 sit,
397 587 442 603 nobis
458 587 547 603 ostendunt.
571 586 611 603 Nam
626 592 662 604 cum
674 587 725 608 magi-

109 617 176 637 stratus,
192 616 218 637 qui
234 621 285 637 neque
300 621 309 632 a
324 616 427 637 scriptoribus
441 621 493 637 neque
508 616 560 632 numis
575 616 724 638 inscriptionibusve

108 646 259 666 commemorantur⁷
274 650 293 662 ex
305 645 394 666 cognitione
406 650 435 662 sua
446 645 488 661 haud
502 645 541 661 satis
555 646 598 662 certa
609 645 662 666 legum
674 650 724 662 anna-

109 674 155 695 lium,
167 679 232 695 quarum
244 680 298 691 veram
307 675 384 691 rationem
392 679 444 696 nuper
451 674 557 696 Nipperdeius
565 674 626 696 primus
634 679 663 691 nos
671 674 725 691 docuit

98 707 101 709 '
108 703 165 724 (Leges
175 703 239 720 annales
247 704 262 720 d.
269 704 288 720 R.
294 703 373 725 Republik
380 703 424 725 Lips.
433 704 487 725 1865),
499 709 527 725 per
534 705 585 720 certos
593 708 643 720 annos
651 703 724 724 digerere

108 733 183 754 coeperit,
194 733 286 754 saepissime
298 729 308 749 a
320 738 356 749 vero
369 738 403 749 eum
416 733 499 749 aberrasse
512 734 559 754 atque
571 733 651 749 annalium
659 738 723 749 suorum

108 761 155 778 fidem
163 762 262 778 imminuisse
274 767 303 783 per
314 767 331 778 se
339 763 388 783 patet.
405 761 480 781 Quamvis
488 762 511 778 ita
519 766 554 778 sose
562 767 587 778 res
596 761 658 782 haheat,
670 763 724 778 tamen

108 791 182 812 permulti
195 791 224 807 viri
235 791 276 807 docti
288 791 305 807 iu
314 791 381 807 historia
388 790 460 807 Romana
471 791 584 807 conscribenda
592 791 616 807 vel
625 790 723 812 singulorum

108 820 177 836 virorum
192 820 283 836 muneribus
295 820 363 841 publicis
375 820 473 841 exponendis
484 819 536 840 Pighii
552 820 662 836 auctoritatem
674 820 724 836 secuti

108 849 124 865 in
136 854 199 865 errores
207 849 240 865 eius
252 849 342 865 inciderunt
353 854 404 870 neque
415 849 454 865 satis
466 850 539 865 accurate
552 849 582 870 eis,
597 854 636 870 quas
648 854 657 865 a
668 848 724 869 Pighio

108 883 155 899 saepe
167 878 219 894 minus
231 878 289 895 diserte
301 878 372 899 prolatas
384 883 418 895 esse
430 878 510 899 delemus,
524 878 613 894 rationibus
628 877 724 894 examinatis

108 907 183 924 historiae
195 907 275 923 Romanae
290 907 337 924 fidem
354 907 453 928 aliquatenus
468 907 599 928 depravaverunt.
622 906 692 926 Quorum
707 906 724 923 in

107 941 178 957 numero,
191 939 209 952 ut
220 936 293 958 exempla
306 936 375 957 afferam,
388 932 424 953 oum
435 936 487 957 multi,
502 936 529 957 qui
541 936 623 952 historiam
635 935 723 952 Romanam

108 965 177 981 scribere
191 965 243 982 conati
258 967 302 986 sunt⁷
319 966 353 982 tum
368 965 478 986 Drumannus,
496 965 522 986 qui
538 965 623 986 praecipue
636 964 653 981 in
668 964 724 986 primis

108 994 179 1016 partibus
191 994 244 1016 operis
256 994 280 1011 sui
292 999 355 1011 summa
366 994 438 1011 doctrina
450 994 569 1015 subtilitateque
581 993 648 1010 consecti
662 998 693 1010 non
706 998 725 1010 ea

108 1028 139 1044 qua
150 1028 180 1045 par
191 1025 216 1040 est
226 1023 288 1040 cautela
299 1023 316 1040 in
328 1024 426 1040 coniectum
434 1023 486 1044 Pighii
497 1023 585 1044 inquisivit,
599 1024 615 1039 et
627 1022 724 1039 Schubertus

108 1052 125 1068 in
133 1052 178 1073 libro,
190 1057 236 1073 quem
247 1052 267 1069 de
280 1052 356 1069 aedilibus
364 1052 471 1069 Romanorum
484 1052 583 1073 conscripsit,
596 1052 674 1068 referendi
682 1053 723 1068 suut.

108 1080 140 1097 Sed
151 1086 246 1102 quamquam
257 1081 288 1097 iam
297 1081 356 1098 dudum
364 1086 396 1098 non
404 1081 446 1098 omui
455 1086 474 1097 ex
483 1082 527 1102 parte
536 1082 596 1097 certum
604 1081 644 1097 illud
652 1086 662 1097 a
668 1080 723 1101 Pighio

108 1109 176 1131 positum
189 1115 223 1127 esse
234 1110 354 1127 tundamentum
366 1110 448 1127 annalium
463 1110 584 1131 magistratuum
600 1110 681 1131 cognitum
693 1111 723 1130 est,

108 1140 162 1155 nostra
173 1139 236 1155 demum
251 1140 303 1156 aetate
318 1139 413 1156 testimoniis
426 1140 496 1156 veterum
511 1139 580 1160 undique
594 1138 656 1155 collatis
671 1138 724 1159 singu-

108 1167 164 1186 lorum<
174 1168 296 1188 magistratuum
305 1168 355 1184 fastos
367 1173 386 1184 ex
399 1168 428 1185 hoc
440 1168 474 1184 solo
486 1168 529 1184 fonte
538 1168 635 1184 constituere
645 1167 675 1183 viri
689 1167 725 1183 dect

608 1198 616 1211 1
